<?xml version="1.0" encoding="UTF-8"?>
<collection xmlns:xsi="http://www.w3.org/2001/XMLSchema-instance" xsi:schemaLocation="http://www.loc.gov/MARC21/slim http://www.loc.gov/standards/marcxml/schema/MARC21slim.xsd" xmlns="http://www.loc.gov/MARC21/slim">
<record>
  <leader>00916cam a22002051  4500</leader>
  <controlfield tag="001">4825527</controlfield>
  <controlfield tag="003">NNC</controlfield>
  <controlfield tag="005">20151117190029.0</controlfield>
  <controlfield tag="008">870811s1890    ua            000 0 ara d</controlfield>
  <datafield tag="035" ind1=" " ind2=" ">
    <subfield code="a">(OCoLC)506224461</subfield>
  </datafield>
  <datafield tag="035" ind1=" " ind2=" ">
    <subfield code="a">(OCoLC)ocn506224461</subfield>
  </datafield>
  <datafield tag="035" ind1=" " ind2=" ">
    <subfield code="a">(NNC)4825527</subfield>
  </datafield>
  <datafield tag="040" ind1=" " ind2=" ">
    <subfield code="a">NNC</subfield>
    <subfield code="c">NNC</subfield>
  </datafield>
  <datafield tag="100" ind1="1" ind2=" ">
    <subfield code="a">Rāzī, Fakhr al-Dīn Muḥammad ibn ʻUmar,</subfield>
    <subfield code="d">1149 or 1150-1210.</subfield>
  </datafield>
  <datafield tag="245" ind1="1" ind2="0">
    <subfield code="a">Mafātīḥ al-ghayb al-mushtahir bi-al-Tafsīr al-Kabīr,</subfield>
    <subfield code="c">lil-Imām Muḥammad al-Rāzī Fakhr al-Dīn ibn Ḍiyāʾ al-Dīn ʻUmar al-mushtahir  bi-Khaṭīb al-Rayy. Wa-bi-hāmishihi tafsīr Abī al-Suʻūd.</subfield>
  </datafield>
  <datafield tag="260" ind1=" " ind2=" ">
    <subfield code="a">Miṣr,</subfield>
    <subfield code="b">al-Maṭbaʻah a-Khayrīyah,</subfield>
    <subfield code="c">1308 [1890]</subfield>
  </datafield>
  <datafield tag="300" ind1=" " ind2=" ">
    <subfield code="a">8 v.</subfield>
    <subfield code="c">30 cm.</subfield>
  </datafield>
  <datafield tag="630" ind1="0" ind2="0">
    <subfield code="a">Qurʼan</subfield>
    <subfield code="v">Commentaries.</subfield>
  </datafield>
  <datafield tag="700" ind1="0" ind2="2">
    <subfield code="a">Abū al-Saʻūd Muḥammad ibn Muḥammad,</subfield>
    <subfield code="d">1492 or 1493-1574 or 1575.</subfield>
    <subfield code="t">Irshād al-ʻaql al-salīm ilá mazāyā al-Kitāb al-karīm.</subfield>
  </datafield>
  <datafield tag="955" ind1=" " ind2=" ">
    <subfield code="b">0112917648</subfield>
    <subfield code="d">glx</subfield>
    <subfield code="e">893.7K84 DR74</subfield>
    <subfield code="v">v.4</subfield>
  </datafield>
</record>
</collection>